<?xml version="1.0" encoding="UTF-8"?><collection xmlns="http://www.loc.gov/MARC21/slim"><record><leader>00641nam--2200205-u-4500</leader><controlfield tag="001">000053990</controlfield><controlfield tag="002">20161230</controlfield><controlfield tag="005">20161230201051</controlfield><controlfield tag="008">110727s1000------------r-----000-0-eng-d</controlfield><datafield ind1=" " ind2=" " tag="020"><subfield code="a">0852264305</subfield></datafield><datafield ind1=" " ind2=" " tag="040"><subfield code="a">IFIN-HH</subfield></datafield><datafield ind1=" " ind2=" " tag="080"><subfield code="a">537.222.22:621.382(061.3)</subfield></datafield><datafield ind1="1" ind2=" " tag="100"><subfield code="a">Jain, S. C</subfield></datafield><datafield ind1="1" ind2="0" tag="245"><subfield code="a">Physics of semiconductors devices</subfield><subfield code="b">Proceedings of the international workshop november, 1981 new delhi, india</subfield><subfield code="c">S.c. jain, s. radhakrishna (eds.)</subfield></datafield><datafield ind1=" " ind2=" " tag="260"><subfield code="a">New Delhi</subfield><subfield code="b">Wiley Eastern Limited</subfield><subfield code="c">1982</subfield></datafield><datafield ind1=" " ind2=" " tag="300"><subfield code="a">803P</subfield></datafield><datafield ind1=" " ind2=" " tag="490"><subfield code="a">Proceedings</subfield></datafield><datafield ind1="1" ind2=" " tag="700"><subfield code="a">Radhakrishna, S</subfield><subfield code="e">Ed</subfield></datafield><datafield ind1=" " ind2=" " tag="852"><subfield code="a">72467</subfield><subfield code="c">537.311.33</subfield></datafield><datafield ind1=" " ind2=" " tag="CAT"><subfield code="a">Sys</subfield><subfield code="c">20110727</subfield><subfield code="h">155006</subfield></datafield></record></collection>